@article{piotroski2004influence,
	title={The influence of analysts, institutional investors, and insiders on the incorporation of market, industry, and firm-specific information into stock prices},
	author={Piotroski, Joseph D and Roulstone, Darren T},
	journal={The accounting review},
	volume={79},
	number={4},
	pages={1119--1151},
	year={2004}
}
@article{roll1988r,
	title={R-squared},
	author={Roll, Richard},
	journal={Journal of finance},
	volume={43},
	number={2},
	pages={541--566},
	year={1988}
}